@IEEEtranBSTCTL{BSTcontrol,
  CTLmax_names_forced_etal = "3",
  CTLnames_show_etal       = "1",
}
